@misc{repositorio,
  author = {Cynthia Ivanna Cruz Quinones},
  title = {{Repositorio de Github}},
  howpublished = "\url{https://github.com/CynthiaCruzqn/MatematicasComputacionales.git}",
  year = {2021}
}

@misc{RDocumentation,
  author = {R-core R-core@R-project.org},
  title = {{Hair And Eye Color Of Statistics Students}},
  howpublished = "\url{https://www.rdocumentation.org/packages/datasets/versions/3.6.2/topics/HairEyeColor}",
  year = {2021}
}

@misc{RPubs,
  author = {Danny Lwetabe},
  title = {{RPubs, HairEyeColor}},
  howpublished = "\url{https://rpubs.com/Dannylwe/178349}",
  year = {2016}
}

@misc{RChart,
  author = {https://stackoverflow.com/users/2994949/rawr},
  title = {{HairEyeColor bar chart in R}},
  howpublished = "\url{https://stackoverflow.com/questions/26394927/haireyecolor-bar-chart-in-r}",
  year = {2014}
}

@misc{CodigoRPubs,
  author = {JClave},
  title = {{HairEyeColor bar chart in R}},
  howpublished = "\url{https://www.rpubs.com/JoanClaverol/485799}",
  year = {2019}
}